
// fig paper
@inproceedings{amer2003new,
		    title={New method for the mathematical determination of drying rates of fig fruits depending on empirical data under conditions suiting solar drying},
			   author={Amer, BA and Morcos, MA and Sabbah, MA}
}

// book chapter
@article{mujumdar2000fundamental,
		    title={Fundamental principles of drying},
			   author={Mujumdar, Arun S and Devahastin, Sakamon},
				  journal={Exergex, Brossard, Canada},
				    year={2000}
}

// an example of aeroponic apparatus
@misc{schorr1985method,
		    title={Method and apparatus for aeroponic propagation of plants},
			   author={Schorr, Steven M and Stoner Jr, Richard J},
				  year={1985},
				    month=may # "~7",
					   publisher={Google Patents},
						  note={US Patent 4,514,930}
}

// an example of water intake rate
@article{varney1993rates,
		    title={Rates of water uptake into the mature root system of maize plants},
			   author={Varney, GT and Canny, MJ},
				  journal={New Phytologist},
				    volume={123},
					   number={4},
						  pages={775--786},
						    year={1993},
							   publisher={Wiley Online Library}
}

// example of greenhouse optimization
@article{chalabi1996real,
		    title={A real-time optimal control algorithm for greenhouse heating},
			   author={Chalabi, ZS and Bailey, BJ and Wilkinson, DJ},
				  journal={Computers and Electronics in Agriculture},
				    volume={15},
					   number={1},
						  pages={1--13},
						    year={1996},
							   publisher={Elsevier}
}




